@article{orbslam2,
  title={ORB-SLAM2: An Open-Source SLAM System for Monocular, Stereo, and RGB-D Cameras},
  author={Raul Mur-Artal and Juan D. Tard{\'o}s},
  journal={IEEE Transactions on Robotics},
  year={2016},
  volume={33},
  pages={1255-1262},
  url={https://api.semanticscholar.org/CorpusID:206775640}
}

@inproceedings{tum,
  title={A benchmark for the evaluation of RGB-D SLAM systems},
  author={Sturm, J{\"u}rgen and Engelhard, Nikolas and Endres, Felix and Burgard, Wolfram and Cremers, Daniel},
  booktitle={2012 IEEE/RSJ international conference on intelligent robots and systems},
  pages={573--580},
  year={2012},
  organization={IEEE}
}

@article{fastdepth,
  title={FastDepth: Fast Monocular Depth Estimation on Embedded Systems},
  author={Diana Wofk and Fangchang Ma and Tien-Ju Yang and Sertac Karaman and Vivienne Sze},
  journal={2019 International Conference on Robotics and Automation (ICRA)},
  year={2019},
  pages={6101-6108},
  url={https://api.semanticscholar.org/CorpusID:72940839}
}

@article{durrant1996slam,
  author    = {Hugh Durrant-Whyte and Tim Bailey},
  title     = {Simultaneous Localization and Mapping: Part I},
  journal   = {IEEE Robotics \& Automation Magazine},
  volume    = {13},
  number    = {2},
  pages     = {99--110},
  year      = {2006}
}

@inproceedings{lipson2024deep,
  title={Deep patch visual slam},
  author={Lipson, Lahav and Teed, Zachary and Deng, Jia},
  booktitle={European Conference on Computer Vision},
  pages={424--440},
  year={2024},
  organization={Springer}
}

@article{Wei2024RealTimeDV,
  title={Real-Time Dense Visual SLAM with Neural Factor Representation},
  author={Weifeng Wei and Jie Wang and Xiaolong Xie and Jie Liu and Pengxiang Su},
  journal={Electronics},
  year={2024},
  url={https://api.semanticscholar.org/CorpusID:271943236}
}

@article{Zhao2024LightSLAMAR,
  title={Light-SLAM: A Robust Deep-Learning Visual SLAM System Based on LightGlue under Challenging Lighting Conditions},
  author={Zhiqi Zhao and Chang Wu and Xiao-jiang Kong and Zejie Lv and Xiaoqi Du and Qiyan Li},
  journal={ArXiv},
  year={2024},
  volume={abs/2407.02382},
  url={https://api.semanticscholar.org/CorpusID:270877888}
}

@article{Liu2023HFNetSLAMAA,
  title={HFNet-SLAM: An Accurate and Real-Time Monocular SLAM System with Deep Features},
  author={Liming Liu and Jonathan M. Aitken},
  journal={Sensors (Basel, Switzerland)},
  year={2023},
  volume={23},
  url={https://api.semanticscholar.org/CorpusID:256881458}
}

@ARTICLE{9440682,
  author={Campos, Carlos and Elvira, Richard and Rodríguez, Juan J. Gómez and M. Montiel, José M. and D. Tardós, Juan},
  journal={IEEE Transactions on Robotics}, 
  title={ORB-SLAM3: An Accurate Open-Source Library for Visual, Visual-Inertial, and Multimap SLAM}, 
  year={2021},
  volume={37},
  number={6},
  pages={1874-1890},
  keywords={Simultaneous localization and mapping;Computer vision;Feature extraction;Inertial navigation;Robustness;Optimization;Computer vision;inertial navigation;simult- aneous localization and mapping},
  doi={10.1109/TRO.2021.3075644}
}

@article{Forster2014SVOFS,
  title={SVO: Fast semi-direct monocular visual odometry},
  author={Christian Forster and Matia Pizzoli and Davide Scaramuzza},
  journal={2014 IEEE International Conference on Robotics and Automation (ICRA)},
  year={2014},
  pages={15-22},
  url={https://api.semanticscholar.org/CorpusID:206850490}
}

@article{Teed2022DeepPV,
  title={Deep Patch Visual Odometry},
  author={Zachary Teed and Lahav Lipson and Jia Deng},
  journal={ArXiv},
  year={2022},
  volume={abs/2208.04726},
  url={https://api.semanticscholar.org/CorpusID:251442450}
}




